<?xml version="1.0" encoding="UTF-8"?><collection xmlns="http://www.loc.gov/MARC21/slim"><record><leader>00302nam--2200121-i-4500</leader><controlfield tag="001">000045716</controlfield><controlfield tag="002">20161230</controlfield><controlfield tag="005">20161230201045</controlfield><controlfield tag="008">060222s1000------------r-----000-0-eng-d</controlfield><datafield ind1=" " ind2=" " tag="100"><subfield code="a">Trotman-dickenson A.F</subfield></datafield><datafield ind1=" " ind2=" " tag="245"><subfield code="a">Free radicals. an intr</subfield></datafield><datafield ind1=" " ind2=" " tag="260"><subfield code="a">London, Methuem &amp; Co,Ltd.,1959. 142 P</subfield></datafield><datafield ind1=" " ind2=" " tag="852"><subfield code="a">16045</subfield></datafield></record></collection>